@inproceedings{Authors14,
  title={3D shapenets: A deep representation for volumetric shapes},
  author={Wu, Zhirong and Song, Shuran and Khosla, Aditya and Yu, Fisher and Zhang, Linguang and Tang, Xiaoou and Xiao, Jianxiong},
  booktitle={Proceedings of the IEEE Conference on Computer Vision and Pattern Recognition},
  pages={1912--1920},
  year={2015}
}

@inproceedings{Authors14b,
  title={Multi-view convolutional neural networks for 3D shape recognition},
  author={Su, Hang and Maji, Subhransu and Kalogerakis, Evangelos and Learned-Miller, Erik},
  booktitle={Proceedings of the IEEE International Conference on Computer Vision},
  pages={945--953},
  year={2015}
}

@inproceedings{voxnet,
  title={VoxNet: A 3D convolutional neural network for real-time object recognition},
  author={Maturana, Daniel and Scherer, Sebastian},
  booktitle={Intelligent Robots and Systems (IROS), 2015 IEEE/RSJ International Conference on},
  pages={922--928},
  year={2015},
  organization={IEEE}
}

@article{deeppano,
  title={DeepPano: Deep panoramic representation for 3-D shape recognition},
  author={Shi, Baoguang and Bai, Song and Zhou, Zhichao and Bai, Xiang},
  journal={Signal Processing Letters, IEEE},
  volume={22},
  number={12},
  pages={2339--2343},
  year={2015},
  publisher={IEEE}
}

@incollection{gupta2014learning,
  title={Learning rich features from RGB-D images for object detection and segmentation},
  author={Gupta, Saurabh and Girshick, Ross and Arbel{\'a}ez, Pablo and Malik, Jitendra},
  booktitle={Computer Vision--ECCV 2014},
  pages={345--360},
  year={2014},
  publisher={Springer}
}

@inproceedings{socher2012convolutional,
  title={Convolutional-recursive deep learning for 3d object classification},
  author={Socher, Richard and Huval, Brody and Bath, Bharath and Manning, Christopher D and Ng, Andrew Y},
  booktitle={Advances in Neural Information Processing Systems},
  pages={665--673},
  year={2012}
}


@article{lenz2015deep,
  title={Deep learning for detecting robotic grasps},
  author={Lenz, Ian and Lee, Honglak and Saxena, Ashutosh},
  journal={The International Journal of Robotics Research},
  volume={34},
  number={4-5},
  pages={705--724},
  year={2015},
  publisher={SAGE Publications}
}

@incollection{hoft2014fast,
  title={Fast semantic segmentation of rgb-d scenes with gpu-accelerated deep neural networks},
  author={H{\"o}ft, Nico and Schulz, Hannes and Behnke, Sven},
  booktitle={KI 2014: Advances in Artificial Intelligence},
  pages={80--85},
  year={2014},
  publisher={Springer}
}

@inproceedings{behley2012performance,
  title={Performance of histogram descriptors for the classification of 3d laser range data in urban environments},
  author={Behley, Jens and Steinhage, Volker and Cremers, Armin B},
  booktitle={Robotics and Automation (ICRA), 2012 IEEE International Conference on},
  pages={4391--4398},
  year={2012},
  organization={IEEE}
}

@inproceedings{teichman2011towards,
  title={Towards 3D object recognition via classification of arbitrary object tracks},
  author={Teichman, Alex and Levinson, Jesse and Thrun, Sebastian},
  booktitle={Robotics and Automation (ICRA), 2011 IEEE International Conference on},
  pages={4034--4041},
  year={2011},
  organization={IEEE}
}

@inproceedings{lai20093d,
  title={3D laser scan classification using web data and domain adaptation.},
  author={Lai, Kevin and Fox, Dieter},
  booktitle={Robotics: Science and Systems},
  year={2009}
}

@article{jia2014caffe,
  Author = {Jia, Yangqing and Shelhamer, Evan and Donahue, Jeff and Karayev, Sergey and Long, Jonathan and Girshick, Ross and Guadarrama, Sergio and Darrell, Trevor},
  Journal = {arXiv preprint arXiv:1408.5093},
  Title = {Caffe: Convolutional Architecture for Fast Feature Embedding},
  Year = {2014}
}
@article{kingma2014adam,
  title={Adam: A method for stochastic optimization},
  author={Kingma, Diederik and Ba, Jimmy},
  journal={arXiv preprint arXiv:1412.6980},
  year={2014}
}

@article{sgdmom,
  title={Optimization: Stochastic Gradient Descent},
  author={UFLDL Tutorial},
  url= {http://ufldl.stanford.edu/tutorial/supervised/OptimizationStochasticGradientDescent/}
}

@article{van2008visualizing,
  title={Visualizing data using t-SNE},
  author={Van der Maaten, Laurens and Hinton, Geoffrey},
  journal={Journal of Machine Learning Research},
  volume={9},
  number={2579-2605},
  pages={85},
  year={2008}
}


